<?xml version="1.0" encoding="UTF-8"?><collection xmlns="http://www.loc.gov/MARC21/slim"><record><leader>00649nam--2200193-i-4500</leader><controlfield tag="001">000007680</controlfield><controlfield tag="002">20161230</controlfield><controlfield tag="005">20161230201027</controlfield><controlfield tag="008">060222s1000------------r-----000-0-eng-d</controlfield><datafield ind1=" " ind2=" " tag="040"><subfield code="a">IFIN-HH</subfield></datafield><datafield ind1=" " ind2=" " tag="080"><subfield code="a">614,876:539.12.08:017</subfield></datafield><datafield ind1="1" ind2=" " tag="100"><subfield code="a">Stovall, Marilyn</subfield></datafield><datafield ind1="1" ind2="0" tag="245"><subfield code="a">Atlas of radiation dose distributions</subfield><subfield code="b">Vol. iv brachytherapy isodose charts, sealed radium sources</subfield><subfield code="c">Marilyn stovall, l.h. lanzl, w.s. moos</subfield></datafield><datafield ind1=" " ind2=" " tag="260"><subfield code="a">Vienna</subfield><subfield code="b">International Atomic Energy Agency</subfield><subfield code="c">1972</subfield></datafield><datafield ind1=" " ind2=" " tag="300"><subfield code="a">/PAG.DIF.</subfield></datafield><datafield ind1=" " ind2=" " tag="490"><subfield code="a">Atlas Of Radiation Dose Distributions</subfield></datafield><datafield ind1="1" ind2=" " tag="700"><subfield code="a">Moos, W.S</subfield></datafield><datafield ind1=" " ind2=" " tag="852"><subfield code="a">24236</subfield><subfield code="c">539.1.07:539.1.08</subfield></datafield><datafield ind1=" " ind2=" " tag="CAT"><subfield code="a">Sys</subfield><subfield code="c">20111019</subfield><subfield code="h">113141</subfield></datafield></record></collection>